@inbook{inbook,
author = {Gonçalves, Carlos and Dias, Tiago and Osório, A. and Camarinha-Matos, Luis},
year = {2022},
month = {09},
pages = {44-53},
title = {A Multi-supplier Collaborative Monitoring Framework for Informatics System of Systems},
isbn = {978-3-031-14843-9},
doi = {10.1007/978-3-031-14844-6_4}
}

@inproceedings{inproceedings,
author = {Osório, A. and Belloum, A. and Afsarmanesh, Hamideh and Camarinha-Matos, Luis},
year = {2017},
month = {09},
pages = {407-420},
title = {Agnostic Informatics System of Systems: The Open ISoS Services Framework},
isbn = {978-3-319-65150-7},
doi = {10.1007/978-3-319-65151-4_37}
}

@misc{redhat,
  author = "{Red Hat}",
  title = "What's a Linux container?",
  year = "2022",
  howpublished = "\url{https://www.redhat.com/en/topics/containers/whats-a-linux-container}",
  note = "[Online; accessed 14-March-2024]"
}

@misc{podman,
  author = "{Sphinx Technologies}",
  title = "What is Podman?",
  year = "2019",
  howpublished = "\url{https://docs.podman.io/en/latest/}",
  note = "[Online; accessed 14-March-2024]"
}

@misc{quarkusjib,
  author = "{Quarkus}",
  title = "Container Images",
  howpublished = "\url{https://quarkus.io/guides/container-image}",
  note = "[Online; accessed 14-March-2024]"
}

@misc{eclipse,
  author= "{Eclipse Foundation}",
  title = "Cloud-Native Java Applications without a hassle",
  howpublished = "\url{https://eclipse.dev/jkube/}",
  note = "[Online; accessed 14-March-2024]"
}

@misc{kubernets,
  author = "{VmWare}",
  title = "What is a Kubernetes cluster?",
  howpublished = "\url{https://www.vmware.com/topics/glossary/content/kubernetes-cluster.html}",
  note = "[Online; accessed 14-March-2024]"
}

@misc{vagrant,
  author = "{Hashicorp}",
  title = "Introduction to Vagrant",
  howpublished = "\url{https://developer.hashicorp.com/vagrant/intro}",
  note = "[Online; accessed 17-March-2024]"
}

@misc{ci/cd,
  author = "{GitLab}",
  title = "What is CI/CD?",
  howpublished = "\url{https://about.gitlab.com/topics/ci-cd/}",
  note = "[Online; accessed 17-March-2024]"
}

